<?xml version="1.0" encoding="UTF-8"?><collection xmlns="http://www.loc.gov/MARC21/slim"><record><leader>00536nam--2200193-i-4500</leader><controlfield tag="001">000020109</controlfield><controlfield tag="002">20161230</controlfield><controlfield tag="005">20161230201033</controlfield><controlfield tag="008">060222s1000------------r-----000-0-eng-d</controlfield><datafield ind1=" " ind2=" " tag="020"><subfield code="a">012257740X</subfield></datafield><datafield ind1=" " ind2=" " tag="040"><subfield code="a">IFIN-HH</subfield></datafield><datafield ind1=" " ind2=" " tag="080"><subfield code="a">535.417.2:537.5</subfield></datafield><datafield ind1="1" ind2=" " tag="100"><subfield code="a">Fisher, Robert A</subfield></datafield><datafield ind1="1" ind2="0" tag="245"><subfield code="a">Optical phase conjugation</subfield><subfield code="c">Robert a. fisher (ed.)</subfield></datafield><datafield ind1=" " ind2=" " tag="260"><subfield code="a">New York</subfield><subfield code="b">Academic Press</subfield><subfield code="c">1983</subfield></datafield><datafield ind1=" " ind2=" " tag="300"><subfield code="a">XIV + 636 P</subfield></datafield><datafield ind1=" " ind2=" " tag="490"><subfield code="a">Quantum Electronic - Principles And Applications</subfield></datafield><datafield ind1=" " ind2=" " tag="852"><subfield code="a">71369</subfield><subfield code="c">535</subfield></datafield><datafield ind1=" " ind2=" " tag="CAT"><subfield code="a">Sys</subfield><subfield code="c">20121126</subfield><subfield code="h">163521</subfield></datafield></record></collection>